%% Created using Papers on Fri, 15 Jul 2011.
%% http://mekentosj.com/papers/

@article{Prairie:2005tl,
author = {Prairie, James and Callejo, Russell},
title = {{Natural Flow and Salt Computation Methods, Calendar Years 1971-1995}},
journal = {Bureau of Reclamation},
year = {2005},
month = jan
}

@article{Lall:1995wk,
author = {Lall, U},
title = {{Nonparametric Function Estimation: Recent Hydrologic Contributions}},
journal = {Reviews of Geophysics},
year = {1995},
pages = {1093--1099}
}

@article{Bracken:2010cw,
author = {Bracken, Cameron and Rajagopalan, Balaji and Prairie, James},
title = {{A multisite seasonal ensemble streamflow forecasting technique}},
journal = {Water Resources Research},
year = {2010},
volume = {46},
number = {3},
pages = {W03532},
month = mar
}

@article{Nowak:2010ha,
author = {Nowak, Kenneth and Prairie, James and Rajagopalan, Balaji and Lall, Upmanu},
title = {{A nonparametric stochastic approach for multisite disaggregation of annual to daily streamflow}},
journal = {Water Resources Research},
year = {2010},
volume = {46},
number = {8},
pages = {W08529},
month = aug
}

