%% Created using Papers on Mon, 18 Jul 2011.
%% http://mekentosj.com/papers/

@article{Raftery:2005un,
author = {Raftery, AE and Gneiting, T and Balabdaoui, F},
title = {{Using Bayesian model averaging to calibrate forecast ensembles}},
journal = {Monthly Weather Review},
year = {2005},
volume = {133},
pages = {1155--1174}
}

@article{Duan:2007ts,
author = {Duan, Q and Ajami, NK and Gao, X},
title = {{Multi-model ensemble hydrologic prediction using Bayesian model averaging}},
journal = {Advances in Water Resources},
year = {2007},
pages = {1371--1386}
}

@book{Loader:1999hx,
author = {Loader, Clive},
title = {{Local Regression and Likelihood}},
publisher = {Springer},
year = {1999},
series = {Statistics and Computing},
address = {New York}
}

@article{Bracken:2010cw,
author = {Bracken, Cameron and Rajagopalan, Balaji and Prairie, James},
title = {{A multisite seasonal ensemble streamflow forecasting technique}},
journal = {Water Resources Research},
year = {2010},
volume = {46},
number = {3},
pages = {W03532},
month = mar
}

@article{Grantz:2005ve,
author = {Grantz, K and Rajagopalan, Balaji and Clark, M and Zagona, Edith},
title = {{A Technique for Incorporating Large-Scale Climate Information in Basin-Scale Ensemble Streamflow Forecasts}},
journal = {Water Resources Research},
year = {2005},
pages = {W10410},
month = jan
}

@article{Nowak:2010ha,
author = {Nowak, Kenneth and Prairie, James and Rajagopalan, Balaji and Lall, Upmanu},
title = {{A nonparametric stochastic approach for multisite disaggregation of annual to daily streamflow}},
journal = {Water Resources Research},
year = {2010},
volume = {46},
number = {8},
pages = {W08529},
month = aug
}

@article{Prairie:2005tl,
author = {Prairie, James and Callejo, Russell},
title = {{Natural Flow and Salt Computation Methods, Calendar Years 1971-1995}},
journal = {Bureau of Reclamation},
year = {2005},
pages = {1--112},
month = jan
}

@article{Balaji2009,
author = {Rajagopalan, Balaji and Nowak, K and Prairie, James and Hoerling, M and Harding, B and Barsugli, J and Ray, A and Udall, B},
title = {{Water supply risk on the Colorado River: Can management mitigate?}},
journal = {Water Resources Research},
year = {2009},
volume = {45},
number = {8},
pages = {W08201}
}

@article{Moradkhani:2010tt,
author = {Moradkhani, H},
title = {{Long-Lead Water Supply Forecast Using Large-Scale Climate Predictors and Independent Component Analysis}},
journal = {Journal of Hydrologic Engineering},
year = {2010},
pages = {744--762},
month = jan
}

@article{Krishnamurti2000,
author = {Krishnamurti, T N and Kishtawal, C M and Zhang, Z and LaRow, T E and Bachiochi, D R and Williford, C E and Gadgil, S and Surendran, S},
title = {{Multimodel ensemble forecasts for weather and seasonal climate}},
journal = {Journal of Climatology},
year = {2000},
volume = {13},
pages = {4196--4216}
}

@article{Craven1979,
author = {Craven, P and Wahba, G},
title = {{Smoothing noisy data with spline functions: estimating the correct degree of smoothing by the method of generalized cross-validation}},
journal = {Numerical Mathematics},
year = {1979},
volume = {31},
pages = {377--403}
}

@article{Abudu:2010wi,
author = {Abudu, Shalamu and King, J Phillip and Bawazir, A Salim},
title = {{Forecasting Monthly Streamflow of Spring-Summer Runoff Season in Rio Grande Headwaters Basin Using Stochastic Hybrid Modeling Approach}},
journal = {Journal of Hydrologic Engineering},
year = {2010},
volume = {1},
number = {1},
pages = {195--195}
}

@article{Alemu:2011gj,
author = {Alemu, Eset T and Palmer, Richard N and Polebitski, Austin and Meaker, Bruce},
title = {{Decision Support System for Optimizing Reservoir Operations Using Ensemble Streamflow Predictions}},
journal = {Journal of Water Resources Planning and Management},
year = {2011},
volume = {137},
number = {1},
pages = {72--82}
}

@article{Day:2008fd,
author = {Day, Gerald N},
title = {{Extended Streamflow Forecasting Using NWSRFS}},
journal = {Journal of Water Resources Planning and Management},
year = {2008},
volume = {111},
number = {2},
pages = {157},
month = dec
}

@article{USDepartmentoftheInterior:2008vl,
author = {{Bureau of Reclamation}},
title = {{Upper Colorado River Basin Consumptive Uses and Losses Report: 2006--2010}},
year = {2008},
pages = {1--17}
}

@article{USDepartmentoftheInterior:2007ua,
author = {{Bureau of Reclamation}},
title = {{Final environmental impact statement Colorado River interim guidelines for lower basin shortages andcoordinated operations for lakes Powell and Mead}},
year = {2007},
pages = {6 Chapters}
}

@article{Fulp:2005wy,
author = {Fulp, T},
title = {{How low can it go}},
journal = {Southwest Hydrology},
year = {2005},
pages = {16--28}
}

@article{Sen:2004uo,
author = {{\c S}en, Z and {\"O}zger, M},
title = {{El Nino Southern Oscillation (ENSO) templates and streamflow prediction}},
journal = {Journal of Hydrologic Engineering},
year = {2004},
volume = {9},
pages = {368--374}
}

@article{Smith:1992p3081,
author = {Smith, JA},
title = {{Nonparametric Framework for Long‚Äêrange Streamflow Forecasting}},
journal = {Journal of Water Resources Planning and Management},
volume = {118},
pages = {82--92}
}

@article{Awwad:1992ty,
author = {Awwad, HM},
title = {{Adaptive Parameter Estimation for Multisite Hydrologic Forecasting}},
journal = {Journal of Hydraulic Engineering},
year = {1992},
volume = {118},
pages = {1201--1221}
}

@article{Regonda2006,
author = {Regonda, Satish Kumar and Rajagopalan, Balaji and Clark, Martyn and Zagona, Edith},
title = {{A multimodel ensemble forecast framework: Application to spring seasonal flows in the Gunnison River Basin}},
journal = {Water Resources Research},
year = {2006},
volume = {42},
pages = {W09404}
}

@article{Kim:2006va,
author = {Kim, YO and Jeong, DI and Ko, IH},
title = {{Combining rainfall-runoff model outputs for improving ensemble streamflow prediction}},
journal = {Journal of Hydrologic Engineering},
year = {2006},
volume = {11},
pages = {578--586}
}

@article{Rajagopalan2002,
author = {Rajagopalan, Balaji and Lall, U and Zebiak, S},
title = {{Optimal categorical climate forecasts through multiple GCM ensemble combination and regularization}},
journal = {Monthly Weather Review},
year = {2002},
volume = {130},
pages = {1792--1811}
}

@booklet{Wilks:1995ur,
title = {{Statistical Methods in the Atmospheric Sciences}},
author = {Wilks, DS},
howpublished = {Academic Press},
address = {San Diego},
year = {1995}
}

@article{Gobena:2009wf,
author = {Gobena, AK and Gan, TY},
title = {{Statistical Ensemble Seasonal Streamflow Forecasting in the South Saskatchewan River Basin by a Modified Nearest Neighbors Resampling}},
journal = {Journal of Hydrologic Engineering},
year = {2009},
volume = {14},
pages = {628--639}
}

@article{Lall:1995wk,
author = {Lall, U},
title = {{Nonparametric Function Estimation: Recent Hydrologic Contributions}},
journal = {Reviews of Geophysics},
year = {1995},
pages = {1093--1099}
}

@article{Hagedorn2005,
author = {Hagedorn, R and Doblas-Reyes, F J and Palmer, T N},
title = {{The rationale behind the success of multi-model ensembles in seasonal forecasting. Part I: Basic concept}},
journal = {Tellus, Ser. A},
year = {2005},
volume = {57},
pages = {219--233}
}

@article{Prairie:2007jf,
author = {Prairie, James and Rajagopalan, Balaji and Lall, U and Fulp, T},
title = {{A stochastic nonparametric technique for space-time disaggregation of streamflows}},
journal = {Water Resources Research},
year = {2007},
volume = {43},
pages = {1--10},
month = mar
}

@article{Opitz-Stapleton2007,
author = {Opitz-Stapleton, Sarah and Gangopadhyay, Subhrendu and Rajagopalan, Balaji},
title = {{Generating streamflow forecasts for the Yakima River Basin using large-scale climate predictors}},
journal = {Journal of Hydrology},
year = {2007},
volume = {341},
pages = {131--143}
}

@incollection{Rajagopalan:2010ur,
author = {Rajagopalan, B and Salas, J and Lall, U},
title = {{Stochastic methods for modeling precipitation and
streamflow}},
booktitle = {Advances in Data-based Approaches for Hydrologic Modeling and Forecasting},
year = {2010},
editor = {Sivakumar, B and Berndtsson, R},
publisher = {World Scientific},
address = {Singapore}
}

