%% Created using Papers on Wed, 13 Jul 2011.
%% http://mekentosj.com/papers/

@manual{Harte:2011ta,
title = {{HiddenMarkov: Hidden Markov Models}},
author = {Harte, David},
organization = {Statistics Research Associates},
address = {Wellington},
month = may,
year = {2011},
note = {{R} package version 1.4-4}
}

@article{Nowak:2010ha,
author = {Nowak, Kenneth and Prairie, James and Rajagopalan, Balaji and Lall, Upmanu},
title = {{A nonparametric stochastic approach for multisite disaggregation of annual to daily streamflow}},
journal = {Water Resources Research},
year = {2010},
volume = {46},
number = {8},
pages = {W08529},
month = aug
}

@article{Dempster1977,
author = {Dempster, A. P. and Laird, N. M. and Rubin, D. B.},
title = {{Maximum Likelihood from Incomplete Data via the EM Algorithm}},
journal = {Journal of the Royal Statistical Society. Series B (Methodological)},
year = {1977},
volume = {39},
number = {1},
pages = {pp. 1--38}
}

@article{Ouarda:1997wz,
author = {Ouarda, TBMJ and Labadie, JW},
title = {{Indexed Sequential Hydrologic Modeling For Hydropower Capacity Estimation}},
journal = {Journal of the American Water Resources Association, AWRA},
year = {1997}
}

@article{Sivakumar:2009tp,
author = {Sivakumar, B},
title = {{Nonlinear dynamics and chaos in hydrologic systems: latest developments and a look forward}},
journal = {Stochastic Environmental Research and Risk {\ldots}},
year = {2009},
month = jan
}

@article{Akaike:1974ih,
author = {Akaike, H},
title = {{A new look at the statistical model identification}},
journal = {IEEE Transactions on Automatic Control},
year = {1974},
volume = {19},
number = {6},
pages = {716--723},
month = dec
}

@article{Pelletier:1997tl,
author = {Pelletier, J and Turcotte, D},
title = {{Long-range persistence in climatological and hydrological time series}},
journal = {Journal of Hydrology},
year = {1997},
month = jan
}

@article{Fernandez:1986gw,
author = {Fernandez, Bonifacio and Salas, Jose D},
title = {{Periodic Gamma Autoregressive Processes for Operational Hydrology}},
journal = {Water Resources Research},
year = {1986},
volume = {22},
number = {10},
pages = {1385}
}

@article{Jukic:2011ug,
author = {Jukic, D and von Denic-Jukic},
title = {{Partial spectral analysis of hydrological time series}},
journal = {Journal of Hydrology},
year = {2011}
}

@article{Nash:1991ty,
author = {Nash, L},
title = {{Sensitivity of streamflow in the Colorado basin to climatic changes}},
journal = {Journal of Hydrology},
year = {1991},
month = jan
}

@booklet{Zucchini:2009vl,
title = {{Hidden Markov models for time series: an introduction using R}},
author = {Zucchini, W},
year = {2009}
}

@article{Shao:2010hh,
author = {Shao, Quanxi and Li, Ming},
title = {{A new trend analysis for seasonal time series with consideration of data dependence}},
journal = {Journal of Hydrology},
year = {2010},
month = oct
}

@article{Kendall:1991tu,
author = {Kendall, DR},
title = {{A comparison of index-sequential and AR(1) generated hydrologic sequences}},
journal = {Journal of Hydrology},
year = {1991}
}

@article{Wilks:1995p3976,
author = {Wilks, DS},
title = {{Statistical methods in the atmospheric sciences: an introduction}},
journal = {Elsevier, New York},
year = {1995}
}

@article{Notaro:2010gj,
author = {Notaro, Michael and Liu, Zhengyu and Gallimore, Robert G and Williams, John W and Gutzler, David S and Collins, Scott},
title = {{Complex seasonal cycle of ecohydrology in the Southwest United States}},
journal = {J. Geophys. Res.},
year = {2010},
volume = {115},
number = {G4},
pages = {G04034},
month = dec
}

@article{Hidalgo:2003ue,
author = {Hidalgo, HG},
title = {{ENSO and PDO effects on hydroclimatic variations of the Upper Colorado River Basin}},
journal = {Journal of Hydrometeorology},
year = {2003},
month = jan
}

@article{Piechota:1996dd,
author = {Piechota, Thomas C and Dracup, John A},
title = {{Drought and Regional Hydrologic Variation in the United States: Associations with the El Ni{\~n}o-Southern Oscillation}},
journal = {Water Resources Research},
year = {1996},
volume = {32},
number = {5},
pages = {1359--1373}
}

@article{Salas:1980im,
author = {Salas, J and Boes, D},
title = {{Shifting level modelling of hydrologic series}},
journal = {Advances in Water Resources},
year = {1980},
volume = {3},
number = {2},
pages = {59--63},
month = jun
}

@article{Boes:1978ff,
author = {Boes, Duane C and Salas, Jose D},
title = {{Nonstationarity of the mean and the hurst Phenomenon}},
journal = {Water Resources Research},
year = {1978},
volume = {14},
number = {1},
pages = {135}
}

@article{Fortin:2004gz,
author = {Fortin, V and Perrault, L and Salas, J},
title = {{Retrospective analysis and forecasting of streamflows using a shifting level model}},
journal = {Journal of Hydrology},
year = {2004},
volume = {296},
number = {1-4},
pages = {135--163},
month = aug
}

@article{Guimaraes:2011tc,
author = {Guimar{\~a}es, Rita and Santos, Em{\'\i}dio Gil},
title = {{Principles of Stochastic Generation of Hydrologic Time Series for Reservoir Planning and Design: A Case Study}},
journal = {Journal of Hydrologic Engineering},
year = {2011},
volume = {1},
number = {1},
pages = {237}
}

@article{Meko:2007bg,
author = {Meko, David M and Woodhouse, Connie A and Baisan, Christopher A and Knight, Troy and Lukas, Jeffrey J and Hughes, Malcolm K and Salzer, Matthew W},
title = {{Medieval drought in the upper Colorado River Basin}},
journal = {Geophys. Res. Lett.},
year = {2007},
volume = {34},
number = {10},
pages = {L10705--},
month = may
}

@article{Forney:1973kt,
author = {Forney, G D},
title = {{The viterbi algorithm}},
journal = {Proceedings of the IEEE},
year = {1973},
volume = {61},
number = {3},
pages = {268--278},
month = mar
}

@article{Thyer:2003kr,
author = {Thyer, M and Kuczera, George},
title = {{A hidden Markov model for modelling long-term persistence in multi-site rainfall time series 1. Model calibration using a Bayesian approach}},
journal = {Journal of Hydrology},
year = {2003},
volume = {275},
number = {1-2},
pages = {12--26},
month = apr
}

@article{Akntug:2005wx,
author = {AkÄ±ntu{\u g}, B and Rasmussen, P. F.},
title = {{A Markov switching model for annual hydrologic time series}},
journal = {Water Resources Research},
year = {2005},
volume = {41}
}

@article{Yapo:1993vw,
author = {Yapo, P and Sorooshian, S and Gupta, V},
title = {{A Markov chain flow model for flood forecasting}},
journal = {Water Resources Research},
year = {1993},
volume = {29},
number = {7},
pages = {2427--2436}
}

@article{Gelati:2010wk,
author = {Gelati, E and Madsen, H and Rosberg, D},
title = {{Markov-switching model for nonstationary runoff conditioned on El Ni{\~n}o information}},
journal = {Water Resources Research},
year = {2010},
month = jan
}

@article{Park:2010vz,
author = {Park, E},
title = {{A multidimensional, generalized coupled Markov chain model for surface and subsurface characterization}},
journal = {Water Resources Research},
year = {2010},
month = jan
}

@article{Krzysztofowicz:1983te,
author = {Krzysztofowicz, R},
title = {{A Bayesian Markov model of the flood forecast process}},
journal = {Water Resources Research},
year = {1983},
volume = {19},
number = {6},
pages = {1455--1465}
}

@article{Thyer:2000ud,
author = {Thyer, M and Kuczera, G},
title = {{Modeling long-term persistence in hydroclimatic time series using a hidden state Markov model}},
journal = {Water Resources Research},
year = {2000},
volume = {36},
number = {11},
pages = {3301--3310}
}

@article{Lu:1999vx,
author = {Lu, ZQ and Berliner, LM},
title = {{Markov switching time series models with application to a daily runoff series}},
journal = {Water Resources Research},
year = {1999},
volume = {35},
number = {2},
pages = {523--534}
}

@article{Zucchini:1991tk,
author = {Zucchini, W and Guttorp, P},
title = {{A hidden Markov model for space-time precipitation}},
journal = {Water Resources Research},
year = {1991},
volume = {27},
number = {8},
pages = {1917--1923}
}

@article{Kottegoda:2010bn,
author = {Kottegoda, NT and Natale, L and Raiteri, E},
title = {{Simulation of climatic series with nonstationary trends and periodicities}},
journal = {Journal of Hydrology},
year = {2010},
month = dec
}

@incollection{springerlink:10.1007/978-0-387-35768-3_10,
author = {Fr{\"u}hwirth-Schnatter, Sylvia},
title = {{Finite Markov Mixture Modeling}},
booktitle = {Finite Mixture and Markov Switching Models},
year = {2006},
pages = {301--318},
publisher = {Springer New York},
note = {10.1007/978-0-387-35768-3{\_}10}
}

@article{Timmermann:2000vu,
author = {Timmermann, A},
title = {{Moments of Markov switching models}},
journal = {Journal of Econometrics},
year = {2000}
}

@article{Prairie:2008ei,
author = {Prairie, James and Nowak, K and Rajagopalan, Balaji and Lall, U and Fulp, T},
title = {{A stochastic nonparametric approach for streamflow generation combining observational and paleoreconstructed data}},
journal = {Water Resources Research},
year = {2008},
volume = {44},
number = {6},
pages = {1--11},
month = jun
}

@article{Prairie:2006vb,
author = {Prairie, James and Rajagopalan, Balaji and Fulp, T},
title = {{Modified K-NN model for stochastic streamflow simulation}},
journal = {Journal of Hydrologic Engineering},
year = {2006},
month = jan
}

@article{Massei:2010dl,
author = {Massei, N and Laignel, B and Rosero, E and Motelay-Massei, A and Deloffre, J and Yang, Z-L and Rossi, A},
title = {{A wavelet approach to the short-term to pluri-decennal variability of streamflow in the Mississippi river basin from 1934 to 1998}},
journal = {International Journal of Climatology},
year = {2010},
volume = {31},
number = {1},
pages = {31--43},
month = dec
}

@article{Grantz:2005ve,
author = {Grantz, K and Rajagopalan, Balaji and Clark, M and Zagona, Edith},
title = {{A Technique for Incorporating Large-Scale Climate Information in Basin-Scale Ensemble Streamflow Forecasts}},
journal = {Water Resources Research},
year = {2005},
month = jan
}

@article{Lall:1996ur,
author = {Lall, U and Sharma, A},
title = {{A nearest neighbor bootstrap for resampling hydrologic time series}},
journal = {Water Resources Research},
year = {1996},
volume = {32},
number = {3},
pages = {679--693},
month = mar
}

@article{Mehrotra:2006um,
author = {Mehrotra, R and Sharma, A},
title = {{Conditional resampling of hydrologic time series using multiple predictor variables: A K-nearest neighbour approach}},
journal = {Advances in Water Resources},
year = {2006},
month = jan
}

@article{Sharma:2002up,
author = {Sharma, A and O'Neill, R},
title = {{A nonparametric approach for representing interannual dependence in monthly streamflow sequences}},
journal = {Water Resources Research},
year = {2002},
pages = {1--10},
month = jun
}

@book{Salas1980,
author = {Salas, J D and Yevjevich, JW Delleur andV and Lane, W L},
title = {{Applied Modeling of Hydrologic Time Series}},
publisher = {Water Resources Publications},
year = {1980}
}

@article{Mehrotra:2005ts,
author = {Mehrotra, R and Sharma, A},
title = {{A nonparametric nonhomogeneous hidden Markov model for downscaling of multisite daily rainfall occurrences}},
journal = {J. Geophys. Res.},
year = {2005},
volume = {110},
number = {D16},
pages = {D16108}
}

@article{Hughes:1994jv,
author = {Hughes, James P and Guttorp, Peter},
title = {{A class of stochastic models for relating synoptic atmospheric patterns to regional hydrologic phenomena}},
journal = {Water Resources Research},
year = {1994},
volume = {30},
number = {5},
pages = {1535--1546},
month = jan
}

@article{Schwarz:1978uv,
author = {Schwarz, G},
title = {{Estimating the dimension of a model}},
journal = {The annals of statistics},
year = {1978}
}

@article{Krogh:1994vk,
author = {Krogh, A and Brown, M and Mian, IS and Sjolander, K},
title = {{Hidden Markov models in computational biology. Applications to protein modeling}},
journal = {Journal of Molecular {\ldots}},
year = {1994}
}

@techreport{BureauofReclamation:1987tk,
author = {{Bureau of Reclamation}},
title = {{Colorado River simulation system, system overview}},
institution = {U.S. Dept. of the Interior, Denver},
year = {1987},
address = {U.S. Dept. of the Interior, Denver},
month = may
}

@article{Kwon:2007fj,
author = {Kwon, Hyun-Han and Lall, Upmanu and Khalil, Abedalrazq F},
title = {{Stochastic simulation model for nonstationary time series using an autoregressive wavelet decomposition: Applications to rainfall and temperature}},
journal = {Water Resources Research},
year = {2007},
volume = {43},
number = {5},
pages = {W05407--},
month = may
}

@article{Timlsena:2009it,
author = {Timlsena, J and Piechota, T and Tootle, G and Singh, A},
title = {{Associations of interdecadal/interannual climate variability and long-term colorado river basin streamflow}},
journal = {Journal of Hydrology},
year = {2009},
volume = {365},
number = {3-4},
pages = {289--301},
month = feb
}

@article{Hunter:2006fa,
author = {Hunter, Thad and Tootle, Glenn and Piechota, Thomas},
title = {{Oceanic-atmospheric variability and western U.S. snowfall}},
journal = {Geophys. Res. Lett.},
year = {2006},
volume = {33},
number = {13}
}

@article{McCabe:2007vh,
author = {McCabe, GJ and Betancourt, JL},
title = {{Associations of Decadal to Multidecadal SeaâSurface Temperature Variability with Upper Colorado River Flow1}},
journal = {Journal of the American Water Resources Association, AWRA},
year = {2007}
}

@article{Jackson:1975gn,
author = {Jackson, Barbara Bund},
title = {{Markov mixture models for drought lengths}},
journal = {Water Resources Research},
year = {1975},
volume = {11},
number = {1},
pages = {64}
}

@article{Bracken:2010cw,
author = {Bracken, Cameron and Rajagopalan, Balaji and Prairie, James},
title = {{A multisite seasonal ensemble streamflow forecasting technique}},
journal = {Water Resources Research},
year = {2010},
volume = {46},
number = {3},
pages = {W03532},
month = mar
}

