@article{Guimaraes:2011tc,
author = {Guimar{\~a}es, Rita and Santos, Em{\'\i}dio Gil},
title = {{Principles of Stochastic Generation of Hydrologic Time Series for Reservoir Planning and Design: A Case Study}},
journal = {Journal of Hydrologic Engineering},
year = {2011},
volume = {1},
number = {1},
pages = {237}
}

