%% Created using Papers on Wed, 20 Jul 2011.
%% http://mekentosj.com/papers/

@article{Guimaraes:2011tc,
author = {Guimar{\~a}es, Rita and Santos, Em{\'\i}dio Gil},
title = {{Principles of Stochastic Generation of Hydrologic Time Series for Reservoir Planning and Design: A Case Study}},
journal = {Journal of Hydrologic Engineering},
year = {2011},
volume = {1},
number = {1},
pages = {237}
}

@article{Thyer:2003kr,
author = {Thyer, M and Kuczera, George},
title = {{A hidden Markov model for modelling long-term persistence in multi-site rainfall time series 1. Model calibration using a Bayesian approach}},
journal = {Journal of Hydrology},
year = {2003},
volume = {275},
number = {1-2},
pages = {12--26},
month = apr
}

@article{Akntug:2005wx,
author = {AkÄ±ntu{\u g}, B and Rasmussen, P. F.},
title = {{A Markov switching model for annual hydrologic time series}},
journal = {Water Resources Research},
year = {2005},
volume = {41}
}

@article{Yapo:1993vw,
author = {Yapo, P and Sorooshian, S and Gupta, V},
title = {{A Markov chain flow model for flood forecasting}},
journal = {Water Resources Research},
year = {1993},
volume = {29},
number = {7},
pages = {2427--2436}
}

@article{Gelati:2010wk,
author = {Gelati, E and Madsen, H and Rosberg, D},
title = {{Markov-switching model for nonstationary runoff conditioned on El Ni{\~n}o information}},
journal = {Water Resources Research},
year = {2010},
month = jan
}

@article{Park:2010vz,
author = {Park, E},
title = {{A multidimensional, generalized coupled Markov chain model for surface and subsurface characterization}},
journal = {Water Resources Research},
year = {2010},
month = jan
}

@article{Sharma:2002up,
author = {Sharma, A and O'Neill, R},
title = {{A nonparametric approach for representing interannual dependence in monthly streamflow sequences}},
journal = {Water Resources Research},
year = {2002},
pages = {1--10},
month = jun
}

@article{Thyer:2000ud,
author = {Thyer, M and Kuczera, G},
title = {{Modeling long-term persistence in hydroclimatic time series using a hidden state Markov model}},
journal = {Water Resources Research},
year = {2000},
volume = {36},
number = {11},
pages = {3301--3310}
}

@article{Lu:1999vx,
author = {Lu, ZQ and Berliner, LM},
title = {{Markov switching time series models with application to a daily runoff series}},
journal = {Water Resources Research},
year = {1999},
volume = {35},
number = {2},
pages = {523--534}
}

@article{Zucchini:1991tk,
author = {Zucchini, W and Guttorp, P},
title = {{A hidden Markov model for space-time precipitation}},
journal = {Water Resources Research},
year = {1991},
volume = {27},
number = {8},
pages = {1917--1923}
}

@article{Kottegoda:2010bn,
author = {Kottegoda, NT and Natale, L and Raiteri, E},
title = {{Simulation of climatic series with nonstationary trends and periodicities}},
journal = {Journal of Hydrology},
year = {2010},
month = dec
}

@article{Jukic:2011ug,
author = {Jukic, D and von Denic-Jukic},
title = {{Partial spectral analysis of hydrological time series}},
journal = {Journal of Hydrology},
year = {2011}
}

@article{Nowak:2010ha,
author = {Nowak, Kenneth and Prairie, James and Rajagopalan, Balaji and Lall, Upmanu},
title = {{A nonparametric stochastic approach for multisite disaggregation of annual to daily streamflow}},
journal = {Water Resources Research},
year = {2010},
volume = {46},
number = {8},
pages = {W08529},
month = aug
}

@article{Prairie:2008ei,
author = {Prairie, James and Nowak, K and Rajagopalan, Balaji and Lall, U and Fulp, T},
title = {{A stochastic nonparametric approach for streamflow generation combining observational and paleoreconstructed data}},
journal = {Water Resources Research},
year = {2008},
volume = {44},
number = {6},
pages = {1--11},
month = jun
}

@article{Gangopadhyay:2009ff,
author = {Gangopadhyay, Subhrendu and Harding, B and Rajagopalan, Balaji and Lukas, J and Fulp, T},
title = {{A nonparametric approach for paleohydrologic reconstruction of annual streamflow ensembles}},
journal = {Water Resources Research},
year = {2009},
volume = {45},
number = {6},
pages = {1--14},
month = jun
}

@article{Prairie:2007jf,
author = {Prairie, James and Rajagopalan, Balaji and Lall, U and Fulp, T},
title = {{A stochastic nonparametric technique for space-time disaggregation of streamflows}},
journal = {Water Resources Research},
year = {2007},
volume = {43},
pages = {1--10},
month = mar
}

